%# -*- coding: utf-8-unix -*-

@article{bhardwaj2010cloud,
  title={Cloud computing: A study of infrastructure as a service (IAAS)},
  author={Bhardwaj, Sushil and Jain, Leena and Jain, Sandeep},
  journal={International Journal of engineering and information Technology},
  volume={2},
  number={1},
  pages={60--63},
  year={2010}
}

@article{shi2016promise,
  title={The promise of edge computing},
  author={Shi, Weisong and Dustdar, Schahram},
  journal={Computer},
  volume={49},
  number={5},
  pages={78--81},
  year={2016},
  publisher={IEEE}
}

@article{kasavajhala2011solid,
  title={Solid state drive vs. hard disk drive price and performance study},
  author={Kasavajhala, Vamsee},
  journal={Proc. Dell Tech. White Paper},
  pages={8--9},
  year={2011}
}

@article{wu2013software,
  title={Software-defined storage},
  author={Wu, Fenggang and Sun, Guobao},
  journal={Report. University of Minnesota, Minneapolis},
  year={2013}
}

@article{carlson2014software,
  title={Software defined storage},
  author={Carlson, Mark and Yoder, Alan and Schoeb, Leah and Deel, Don and Pratt, Carlos and Lionetti, Chris and Voigt, Doug},
  journal={Storage Networking Industry Assoc. working draft, Apr},
  year={2014}
}

@article{mckeown2009software,
  title={Software-defined networking},
  author={McKeown, Nick},
  journal={INFOCOM keynote talk},
  volume={17},
  number={2},
  pages={30--32},
  year={2009}
}

@inproceedings{ma2014mobbs,
  title={MOBBS: A Multi-tiered Block Storage System for Virtual Machines Using Object-Based Storage},
  author={Ma, Sixiang and Chen, Haopeng and Lu, Heng and Wei, Bin and He, Pujiang},
  booktitle={High Performance Computing and Communications, 2014 IEEE 6th Intl Symp on Cyberspace Safety and Security, 2014 IEEE 11th Intl Conf on Embedded Software and Syst (HPCC, CSS, ICESS), 2014 IEEE Intl Conf on},
  pages={272--275},
  year={2014},
  organization={IEEE}
}

@inproceedings{lingxuan2015whobbs,
  title={WHOBBS: An Object-Based Distributed Hybrid Storage Providing Block Storage for Virtual Machines},
  author={Lingxuan, Shen and Chen, Haopeng and Ma, Sixiang and Du, Zhenwei and Hu, Fei},
  booktitle={High Performance Computing and Communications (HPCC), 2015 IEEE 7th International Symposium on Cyberspace Safety and Security (CSS), 2015 IEEE 12th International Conferen on Embedded Software and Systems (ICESS), 2015 IEEE 17th International Conference on},
  pages={160--165},
  year={2015},
  organization={IEEE}
}

@inproceedings{weil2006ceph,
  title={Ceph: A scalable, high-performance distributed file system},
  author={Weil, Sage A and Brandt, Scott A and Miller, Ethan L and Long, Darrell DE and Maltzahn, Carlos},
  booktitle={Proceedings of the 7th symposium on Operating systems design and implementation},
  pages={307--320},
  year={2006},
  organization={USENIX Association}
}

@inproceedings{factor2005object,
  title={Object storage: The future building block for storage systems},
  author={Factor, Michael and Meth, Kalman and Naor, Dalit and Rodeh, Ohad and Satran, Julian},
  booktitle={Local to Global Data Interoperability-Challenges and Technologies, 2005},
  pages={119--123},
  year={2005},
  organization={IEEE}
}

@inproceedings{ghemawat2003google,
  title={The Google file system},
  author={Ghemawat, Sanjay and Gobioff, Howard and Leung, Shun-Tak},
  booktitle={ACM SIGOPS operating systems review},
  volume={37},
  number={5},
  pages={29--43},
  year={2003},
  organization={ACM}
}

@inproceedings{shvachko2010hadoop,
  title={The hadoop distributed file system},
  author={Shvachko, Konstantin and Kuang, Hairong and Radia, Sanjay and Chansler, Robert},
  booktitle={Mass storage systems and technologies (MSST), 2010 IEEE 26th symposium on},
  pages={1--10},
  year={2010},
  organization={IEEE}
}

@inproceedings{thereska2013ioflow,
  title={IOFlow: a software-defined storage architecture},
  author={Thereska, Eno and Ballani, Hitesh and O'Shea, Greg and Karagiannis, Thomas and Rowstron, Antony and Talpey, Tom and Black, Richard and Zhu, Timothy},
  booktitle={Proceedings of the Twenty-Fourth ACM Symposium on Operating Systems Principles},
  pages={182--196},
  year={2013},
  organization={ACM}
}

@inproceedings{wan2014ssd,
  title={SSD-optimized workload placement with adaptive learning and classification in HPC environments},
  author={Wan, Lipeng and Lu, Zheng and Cao, Qing and Wang, Feiyi and Oral, Sarp and Settlemyer, Bradley},
  booktitle={Mass Storage Systems and Technologies (MSST), 2014 30th Symposium on},
  pages={1--6},
  year={2014},
  organization={IEEE}
}


@article{li2015trade,
  title={On the trade-offs among performance, energy, and endurance in a versatile hybrid drive},
  author={Li, Zhichao and Chen, Ming and Mukker, Amanpreet and Zadok, Erez},
  journal={ACM Transactions on Storage (TOS)},
  volume={11},
  number={3},
  pages={13},
  year={2015},
  publisher={ACM}
}


@inproceedings{ongaro2014search,
  title={In search of an understandable consensus algorithm.},
  author={Ongaro, Diego and Ousterhout, John K},
  booktitle={USENIX Annual Technical Conference},
  pages={305--319},
  year={2014}
}


@article{wan2017optimizing,
  title={Optimizing checkpoint data placement with guaranteed burst buffer endurance in large-scale hierarchical storage systems},
  author={Wan, Lipeng and Cao, Qing and Wang, Feiyi and Oral, Sarp},
  journal={Journal of Parallel and Distributed Computing},
  volume={100},
  pages={16--29},
  year={2017},
  publisher={Elsevier}
}

@inproceedings{chen2011hystor,
  title={Hystor: making the best use of solid state drives in high performance storage systems},
  author={Chen, Feng and Koufaty, David A and Zhang, Xiaodong},
  booktitle={Proceedings of the international conference on Supercomputing},
  pages={22--32},
  year={2011},
  organization={ACM}
}

@inproceedings{krish2014hats,
  title={hats: A heterogeneity-aware tiered storage for hadoop},
  author={Krish, KR and Anwar, Ali and Butt, Ali R},
  booktitle={Cluster, Cloud and Grid Computing (CCGrid), 2014 14th IEEE/ACM International Symposium on},
  pages={502--511},
  year={2014},
  organization={IEEE}
}

@article{barroso2013datacenter,
  title={The datacenter as a computer: An introduction to the design of warehouse-scale machines},
  author={Barroso, Luiz Andr{\'e} and Clidaras, Jimmy and H{\"o}lzle, Urs},
  journal={Synthesis lectures on computer architecture},
  volume={8},
  number={3},
  pages={101--102},
  year={2013},
  publisher={Morgan \& Claypool Publishers}
}

@ariticle{zhenwang2016rhobbs,
  title={RHOBBS: An Enhanced Hybrid Storage Providing Block Storage for Virtual Machines},
  author={Zhan Wang, Haopeng Chen and Fei Hu},
  booktitle={2nd International Conference on Computer Science and Mechanical Automation},
  year={2016}
}

@book{coulouris2005distributed,
  title={Distributed systems: concepts and design},
  author={Coulouris, George F and Dollimore, Jean and Kindberg, Tim},
  year={2005},
  pages={19-20},
  publisher={pearson education}
}

@inproceedings{weil2006crush,
  title={CRUSH: Controlled, scalable, decentralized placement of replicated data},
  author={Weil, Sage A and Brandt, Scott A and Miller, Ethan L and Maltzahn, Carlos},
  booktitle={Proceedings of the 2006 ACM/IEEE conference on Supercomputing},
  pages={122},
  year={2006},
  organization={ACM}
}

@article{paiva2015uto,
  title={A uto P lacer: Scalable Self-Tuning Data Placement in Distributed Key-Value Stores},
  author={Paiva, Joao and Ruivo, Pedro and Romano, Paolo and Rodrigues, Lu{\'\i}s},
  journal={ACM Transactions on Autonomous and Adaptive Systems (TAAS)},
  volume={9},
  number={4},
  pages={19},
  year={2015},
  publisher={ACM}
}

@article{zhang2015skewly,
  title={Skewly replicating hot data to construct a power-efficient storage cluster},
  author={Zhang, Lingwei and Deng, Yuhui and Zhu, Weiheng and Zhou, Jipeng and Wang, Frank},
  journal={Journal of Network and Computer Applications},
  volume={50},
  pages={168--179},
  year={2015},
  publisher={Elsevier}
}

@inproceedings{soni2014novel,
  title={A novel approach for load balancing in cloud data center},
  author={Soni, Gulshan and Kalra, Mala},
  booktitle={Advance Computing Conference (IACC), 2014 IEEE International},
  pages={807--812},
  year={2014},
  organization={IEEE}
}

@article{deng2014dynamic,
  title={Dynamic load balancing in distributed virtual environments using heat diffusion},
  author={Deng, Yunhua and Lau, Rynson WH},
  journal={ACM Transactions on Multimedia Computing, Communications, and Applications (TOMM)},
  volume={10},
  number={2},
  pages={16},
  year={2014},
  publisher={ACM}
}

@article{hu2015mobile,
  title={Mobile edge computingâ€”A key technology towards 5G},
  author={Hu, Yun Chao and Patel, Milan and Sabella, Dario and Sprecher, Nurit and Young, Valerie},
  journal={ETSI White Paper},
  volume={11},
  number={11},
  pages={1--16},
  year={2015}
}

@article{feng2014price,
  title={Price competition in an oligopoly market with multiple iaas cloud providers},
  author={Feng, Yuan and Li, Baochun and Li, Bo},
  journal={IEEE Transactions on Computers},
  volume={63},
  number={1},
  pages={59--73},
  year={2014},
  publisher={IEEE}
}

@inproceedings{nasseri2017concurrency,
  title={Concurrency control methods in distributed database: A review and comparison},
  author={Nasseri, Mahnaz and Jameii, Seyed Mahdi},
  booktitle={Computer, Communications and Electronics (Comptelix), 2017 International Conference on},
  pages={200--205},
  year={2017},
  organization={IEEE}
}

@inproceedings{bellard2005qemu,
  title={QEMU, a fast and portable dynamic translator.},
  author={Bellard, Fabrice},
  booktitle={USENIX Annual Technical Conference, FREENIX Track},
  pages={41--46},
  year={2005}
}

@inproceedings{kivity2007kvm,
  title={kvm: the Linux virtual machine monitor},
  author={Kivity, Avi and Kamay, Yaniv and Laor, Dor and Lublin, Uri and Liguori, Anthony},
  booktitle={Proceedings of the Linux symposium},
  volume={1},
  pages={225--230},
  year={2007}
}

@article{sefraoui2012openstack,
  title={OpenStack: toward an open-source solution for cloud computing},
  author={Sefraoui, Omar and Aissaoui, Mohammed and Eleuldj, Mohsine},
  journal={International Journal of Computer Applications},
  volume={55},
  number={3},
  year={2012},
  publisher={Foundation of Computer Science}
}

@article{milojivcic2011opennebula,
  title={Opennebula: A cloud management tool},
  author={Miloji{\v{c}}i{\'c}, Dejan and Llorente, Ignacio M and Montero, Ruben S},
  journal={IEEE Internet Computing},
  volume={15},
  number={2},
  pages={11--14},
  year={2011},
  publisher={IEEE}
}